<record><leader>00000cas a2200000 a 4500</leader><controlfield tag="001">9359880</controlfield><controlfield tag="008">830330d191419uumiu x ne      0   a0eng d</controlfield><controlfield tag="009">3770</controlfield><datafield ind1=" " ind2=" " tag="010"><subfield code="a">sn 83025271 </subfield></datafield><datafield ind1=" " ind2=" " tag="040"><subfield code="a">NPV</subfield><subfield code="b">eng</subfield><subfield code="c">NPV</subfield><subfield code="d">NVF</subfield><subfield code="d">NVJ</subfield><subfield code="d">MHN</subfield><subfield code="d">OCL</subfield><subfield code="d">MHN</subfield><subfield code="d">OCLCQ</subfield><subfield code="d">MHN</subfield><subfield code="d">EEX</subfield><subfield code="d">OCLCF</subfield></datafield><datafield ind1="1" ind2=" " tag="029"><subfield code="a">AU@</subfield><subfield code="b">000020415993</subfield></datafield><datafield ind1=" " ind2=" " tag="042"><subfield code="a">msc</subfield></datafield><datafield ind1=" " ind2=" " tag="043"><subfield code="a">n-us-mi</subfield></datafield><datafield ind1=" " ind2=" " tag="045"><subfield code="a">x1x-</subfield></datafield><datafield ind1=" " ind2=" " tag="052"><subfield code="a">4113</subfield><subfield code="b">O3</subfield></datafield><datafield ind1="0" ind2="4" tag="245"><subfield code="a">The Mears news.</subfield></datafield><datafield ind1="1" ind2=" " tag="246"><subfield code="a">Mears newz</subfield><subfield code="f">&lt;Sept. 16, 1932&gt;-</subfield></datafield><datafield ind1=" " ind2=" " tag="260"><subfield code="a">Mears, Mich. :</subfield><subfield code="b">[Swift Lathers</subfield></datafield><datafield ind1=" " ind2=" " tag="300"><subfield code="a">v. :</subfield><subfield code="b">ill. ;</subfield><subfield code="c">19 cm.</subfield></datafield><datafield ind1=" " ind2=" " tag="310"><subfield code="a">Irregular,</subfield><subfield code="b">July 4, 1988-</subfield></datafield><datafield ind1=" " ind2=" " tag="321"><subfield code="a">Weekly,</subfield><subfield code="b">(July 23, 1914-Apr. 24, 1970)</subfield></datafield><datafield ind1="0" ind2=" " tag="362"><subfield code="a">Vol. 1, no. 1 (July 24, 1914)- ; -56th year, no. 38 (Apr. 24, 1970); No. 1 (July 4, 1933)-</subfield></datafield><datafield ind1=" " ind2=" " tag="500"><subfield code="a">"The smallest newspaper in the world."</subfield></datafield><datafield ind1=" " ind2=" " tag="500"><subfield code="a">Published in Hart, Mich.; 1988-</subfield></datafield><datafield ind1=" " ind2=" " tag="500"><subfield code="a">Issue called: Special memorial ed., Apr. 24, 1970.</subfield></datafield><datafield ind1=" " ind2=" " tag="515"><subfield code="a">Suspended with April 24, 1970 issue; resumed with July 4, 1988 issue.</subfield></datafield><datafield ind1=" " ind2=" " tag="515"><subfield code="a">Vol. 26, no. 15 (Oct. 27, 1939) incorrectly dated 1930.</subfield></datafield><datafield ind1=" " ind2=" " tag="515"><subfield code="a">Vol. 26, no. 20 (Dec. 1, 1939) incorrectly called no. 21.</subfield></datafield><datafield ind1=" " ind2=" " tag="515"><subfield code="a">Vol. 27, no. 9 (Sept. 13, 1940) incorrectly called no. 7.</subfield></datafield><datafield ind1=" " ind2=" " tag="515"><subfield code="a">No. 5 (date not known) incorrectly called No. 4.</subfield></datafield><datafield ind1=" " ind2="0" tag="651"><subfield code="a">Mears (Mich.)</subfield><subfield code="v">Newspapers.</subfield></datafield><datafield ind1=" " ind2="0" tag="651"><subfield code="a">Oceana County (Mich.)</subfield><subfield code="v">Newspapers.</subfield></datafield><datafield ind1=" " ind2="7" tag="655"><subfield code="a">Newspapers.</subfield><subfield code="2">fast</subfield><subfield code="0">(OCoLC)fst01423814</subfield></datafield><datafield ind1=" " ind2="7" tag="651"><subfield code="a">Michigan</subfield><subfield code="z">Mears.</subfield><subfield code="2">fast</subfield><subfield code="0">(OCoLC)fst01883053</subfield></datafield><datafield ind1=" " ind2="7" tag="651"><subfield code="a">Michigan</subfield><subfield code="z">Oceana County.</subfield><subfield code="2">fast</subfield><subfield code="0">(OCoLC)fst01214750</subfield></datafield><datafield ind1=" " ind2=" " tag="752"><subfield code="a">United States</subfield><subfield code="b">Michigan</subfield><subfield code="c">Oceana</subfield><subfield code="d">Mears.</subfield></datafield></record>